% 国際会議や研究会の論文
@InProceedings{Chiba2000,
  author =	 "Shigeru Chiba",
  title =	 "Load-time Structural Reflection in Java",
  booktitle =	 "Proceedings of the European Conference on
                  Object-Oriented Programming",
  pages =	 "313--336",
  year =	 2000,
  month =	 "Jun.",
}

% 論文誌
@Article{Chiba2001a,
  author =	 "千葉 滋 and 立堀 道昭",
  title =	 "Javaバイトコード変換による構造リフレクションの実現",
  journal =	 "情報処理学会 論文誌",
  pages =	 "2752--2760",
  volume =	 42,
  number =	 11,
  year =	 2001,
  month =	 "Nov.",
}

% 本
@Book{Chiba2001b,
  author =	 "千葉 滋",
  title =	 "GUIライブラリの仕組み",
  publisher =	 "朝倉書店",
  year =	 2001,
  month =	 3
}

% URL(\urlを使えば自動的に折り畳まれる)
@Misc{Javassist,
  author = "千葉 滋",
  title = "Javassist Home Page",
  howpublished = "\url{http://www.csg.is.titech.ac.jp/~chiba/javassist/index.html}",
}
